@article{pierce2010software,
  title={Software foundations},
  author={Pierce, Benjamin C and Casinghino, Chris and Gaboardi, Marco and Greenberg, Michael and Hri{\c{t}}cu, C{\u{a}}t{\u{a}}lin and Sj{\"o}berg, Vilhelm and Yorgey, Brent},
  journal={Webpage: http://www. cis. upenn. edu/bcpierce/sf/current/index. html},
  year={2010}
}